[gd_scene load_steps=34 format=2]

[ext_resource path="res://assets/wall_begin_left.png" type="Texture" id=1]
[ext_resource path="res://assets/wall_level1_1.png" type="Texture" id=2]
[ext_resource path="res://assets/wall_passage_1-2_left.png" type="Texture" id=3]
[ext_resource path="res://assets/wall_passage_2-3_left.png" type="Texture" id=4]
[ext_resource path="res://assets/wall_stage_end.png" type="Texture" id=5]
[ext_resource path="res://assets/wall_level2_1.png" type="Texture" id=6]
[ext_resource path="res://assets/wall_passage_2-3_right.png" type="Texture" id=7]
[ext_resource path="res://assets/wall_level3_2.png" type="Texture" id=8]
[ext_resource path="res://assets/wall_begin_right.png" type="Texture" id=9]
[ext_resource path="res://assets/wall_level2_2.png" type="Texture" id=10]
[ext_resource path="res://assets/wall_passage_1-2_right.png" type="Texture" id=11]
[ext_resource path="res://assets/wakame.png" type="Texture" id=12]
[ext_resource path="res://assets/coral7.png" type="Texture" id=13]
[ext_resource path="res://assets/coral6.png" type="Texture" id=14]
[ext_resource path="res://assets/coral4.png" type="Texture" id=15]
[ext_resource path="res://assets/coral2.png" type="Texture" id=16]
[ext_resource path="res://assets/coral3.png" type="Texture" id=17]
[ext_resource path="res://assets/coral9.png" type="Texture" id=18]
[ext_resource path="res://assets/coral1.png" type="Texture" id=19]
[ext_resource path="res://assets/barnacles2.png" type="Texture" id=20]
[ext_resource path="res://assets/coral10.png" type="Texture" id=21]
[ext_resource path="res://assets/barnacles.png" type="Texture" id=22]
[ext_resource path="res://assets/barnacles4.png" type="Texture" id=23]
[ext_resource path="res://assets/barnacles3.png" type="Texture" id=24]
[ext_resource path="res://assets/coral8.png" type="Texture" id=25]
[ext_resource path="res://assets/coral5.png" type="Texture" id=26]

[sub_resource type="RectangleShape2D" id=1]
extents = Vector2( 33.7516, 1332.64 )

[sub_resource type="RectangleShape2D" id=2]
extents = Vector2( 21.4033, 1212.39 )

[sub_resource type="AtlasTexture" id=3]
flags = 4
atlas = ExtResource( 12 )
region = Rect2( 0, 0, 200, 200 )

[sub_resource type="AtlasTexture" id=4]
flags = 4
atlas = ExtResource( 12 )
region = Rect2( 200, 0, 200, 200 )

[sub_resource type="AtlasTexture" id=5]
flags = 4
atlas = ExtResource( 12 )
region = Rect2( 400, 0, 200, 200 )

[sub_resource type="SpriteFrames" id=6]
animations = [ {
"frames": [ SubResource( 3 ), SubResource( 4 ), SubResource( 5 ) ],
"loop": true,
"name": "default",
"speed": 7.0
} ]

[sub_resource type="SpriteFrames" id=7]
animations = [ {
"frames": [ SubResource( 3 ), SubResource( 4 ), SubResource( 5 ) ],
"loop": true,
"name": "default",
"speed": 8.0
} ]

[node name="Border" type="Node2D"]

[node name="Left" type="StaticBody2D" parent="."]
position = Vector2( -8.23597, 1408.24 )
collision_layer = 1025

[node name="wall_stage_end" type="Sprite" parent="Left"]
position = Vector2( 644.375, 7519.88 )
texture = ExtResource( 5 )

[node name="wall_passage_2-3_left" type="Sprite" parent="Left"]
position = Vector2( 304, 5000 )
texture = ExtResource( 4 )

[node name="wall_level2_1" type="Sprite" parent="Left"]
position = Vector2( 104, 3560 )
texture = ExtResource( 6 )

[node name="wall_passage_1-2_left" type="Sprite" parent="Left"]
position = Vector2( 163.999, 2480 )
texture = ExtResource( 3 )

[node name="wall_level1_1" type="Sprite" parent="Left"]
position = Vector2( 64, 1400 )
texture = ExtResource( 2 )

[node name="wall_begin_left" type="Sprite" parent="Left"]
position = Vector2( 64, 680 )
texture = ExtResource( 1 )

[node name="CollisionShape2D" type="CollisionShape2D" parent="Left"]
visible = false
position = Vector2( -17.0957, -130.944 )
shape = SubResource( 1 )

[node name="CollisionPolygon2D" type="CollisionPolygon2D" parent="Left"]
visible = false
polygon = PoolVector2Array( 5.36113, 328.619, 48.7434, 403.037, 77.7762, 462.103, 84.4503, 525.842, 83.7829, 573.562, 97.465, 625.955, 97.1313, 649.648, 83.7829, 717.058, 87.4537, 797.815, 107.476, 852.544, 89.7897, 935.638, 89.7897, 975.349, 84.4503, 1040.42, 92.7931, 1075.13, 91.792, 1104.16, 98.4661, 1156.56, 88.7886, 1239.32, 99.801, 1340.76, 96.1302, 1376.8, 96.4639, 1483.26, 85.1177, 1677.48, 85.4515, 1815.97, 96.7976, 1875.04, 118.822, 1922.09, 191.571, 2019.53, 215.265, 2057.57, 253.219, 2150.08, 270.897, 2171.29, 264.533, 2374.58, 263.741, 2494.07, 307.838, 2638.96, 297.758, 2806.53, 242.322, 2924.97, 222.793, 3032.69, 176.176, 3110.18, 166.727, 3216.01, 178.696, 3290.34, 160.427, 3353.97, 182.476, 3490.04, 154.757, 3624.85, 178.066, 3670.84, 146.323, 3857.52, 165.01, 3890.89, 178.359, 4089.78, 157.669, 4169.87, 144.32, 4315.37, 160.338, 4413.48, 122.295, 4751.2, 185.7, 4831.96, 208.393, 4968.11, 209.727, 5026.85, 227.748, 5073.57, 574.139, 5235.08, 596.164, 5315.84, 544.105, 5362.56, 53.5512, 5542.1, 34.196, 5638.2, 54.2186, 5745.66, 157.669, 5772.36, 339.874, 5763.02, 367.238, 5794.38, 423.969, 5839.77, 415.96, 5893.17, 290.485, 6023.98, 282.476, 6216.87, 221.073, 6322.99, 219.071, 6401.74, 276.469, 6507.86, 319.851, 6656.03, 336.537, 6835.57, 437.985, 6917.66, 511.134, 7193.47, 420.625, 7520.16, 471.536, 7824.91, 455.98, 7896.33, 484.264, 8027.85, 447.495, 8173.51, 522.448, 8571.61, 578.31, 8779.49, 580.431, 8822.62, 574.774, 8860.1, -17.0744, 8867.17 )

[node name="Right" type="StaticBody2D" parent="."]
position = Vector2( 1096, 344 )
collision_layer = 1025

[node name="wall_level2_2" type="Sprite" parent="Right"]
position = Vector2( 63.4383, 3904.94 )
texture = ExtResource( 10 )

[node name="wall_passage_1-2_right" type="Sprite" parent="Right"]
position = Vector2( -115.303, 2825.13 )
texture = ExtResource( 11 )

[node name="wall_passage_2-3_right" type="Sprite" parent="Right"]
position = Vector2( -317.439, 5344.33 )
texture = ExtResource( 7 )

[node name="wall_level3_2" type="Sprite" parent="Right"]
position = Vector2( 22.0676, 6784.15 )
texture = ExtResource( 8 )

[node name="wall_begin_right" type="Sprite" parent="Right"]
position = Vector2( 124.576, 1745.34 )
texture = ExtResource( 9 )

[node name="CollisionShape2D" type="CollisionShape2D" parent="Right"]
visible = false
position = Vector2( 204.121, 866.984 )
shape = SubResource( 2 )

[node name="CollisionPolygon2D" type="CollisionPolygon2D" parent="Right"]
visible = false
polygon = PoolVector2Array( 183.686, 1505.61, 123.983, 1692.29, 99.5968, 1713.31, 102.12, 1897.47, 105.483, 2136.28, 89.5062, 2178.33, 109.687, 2228.78, 49.9838, 2323.8, 34.8475, 2415.46, 12.1433, 2497.87, -35.7877, 2605.5, 12.9845, 2642.5, 62.5973, 2666.05, 101.279, 2769.48, 70.1654, 2822.45, -12.2424, 2877.11, -61.8551, 2941.02, -82.0366, 2999.04, -82.0366, 3042.77, -54.2872, 3168.06, -64.3779, 3274.86, 25.5977, 3538.06, 15.507, 3625.51, 30.6431, 3790.32, 31.484, 3953.46, -0.470093, 4152.75, 27.2792, 4280.57, 9.62036, 4349.52, 7.09778, 4530.31, 61.756, 4778.38, 73.5286, 4918.81, 12.1433, 5067.65, 55.0291, 5228.26, 122.301, 5441, 59.2338, 5622.64, 92.0288, 5774, 57.5521, 5880.79, 33.1661, 5990.95, 83.6198, 6103.63, 91.1879, 6171.74, 30.6432, 6288.63, -84.5596, 6376.92, -95.491, 6438.3, -82.0366, 6561.08, -102.218, 6636.76, -91.2863, 6834.37, -97.1726, 7199.31, -198.921, 7349.83, -208.171, 7461.67, -251.897, 7535.67, -410.827, 7621.44, -397.372, 7809.8, -405.781, 7853.53, -345.237, 7941.83, -224.989, 7997.33, 66.8024, 8249.59, 77.734, 8347.14, 26.4392, 8430.39, 16.3483, 8581.75, 49.1432, 8688.54, 2.89404, 8797.85, 20.5529, 8892.88, -115.672, 9092.17, -204.807, 9220.82, -363.737, 9335.19, -349.441, 9399.94, -385.6, 9473.93, -401.577, 9546.25, -399.054, 9622.77, -409.145, 9677.43, -396.531, 9837.2, -425.122, 9901.95, -432.69, 9920.45, 194.619, 9922.97, 201.951, 1503.64 )

[node name="CollisionPolygon2D2" type="CollisionPolygon2D" parent="Right"]
visible = false
polygon = PoolVector2Array( -170.428, 2162.89, -198.712, 2369.37, -169.014, 2550.39, -239.724, 2704.53, -229.825, 2853.03, -255.281, 2858.68, -323.163, 2796.46, -334.477, 2629.58, -406.602, 2448.56, -348.619, 2319.87, -258.109, 2232.19, -232.653, 2181.28 )

[node name="CollisionPolygon2D3" type="CollisionPolygon2D" parent="Right"]
visible = false
polygon = PoolVector2Array( -664.686, 4308.63, -525.344, 4489.93, -543.323, 4767.11, -495.377, 5033.81, -236.17, 5189.64, -204.706, 5200.13, -168.747, 5246.57, -111.811, 5387.41, -126.794, 5534.25, -129.791, 5606.17, -105.818, 5661.6, -149.269, 5790.46, -144.774, 5848.89, -239.167, 5946.28, -285.614, 6124.58, -384.503, 6311.87, -462.415, 6199.5, -469.906, 6003.22, -369.52, 5877.36, -354.537, 5766.49, -255.648, 5688.58, -332.062, 5394.91, -697.649, 5174.66, -772.564, 5044.3, -798.036, 4734.15, -738.103, 4446.48, -681.168, 4308.63 )

[node name="CollisionPolygon2D4" type="CollisionPolygon2D" parent="Right"]
visible = false
polygon = PoolVector2Array( -341.692, 8261.79, -307.751, 8227.85, -102.69, 8380.58, -101.276, 8451.3, -126.732, 8530.49, -125.318, 8674.74, -194.614, 8777.98, -191.786, 8777.98, -214.413, 8910.91, -361.491, 8985.87, -384.119, 8855.76, -314.822, 8582.82, -350.178, 8403.21 )

[node name="decorationObjects" type="Node2D" parent="."]

[node name="AnimatedSprite" type="AnimatedSprite" parent="decorationObjects"]
position = Vector2( 156.975, 3403.51 )
frames = SubResource( 6 )
frame = 2
playing = true

[node name="AnimatedSprite2" type="AnimatedSprite" parent="decorationObjects/AnimatedSprite"]
position = Vector2( 34.7058, -17.353 )
frames = SubResource( 7 )
frame = 1
playing = true

[node name="coral4" type="Sprite" parent="decorationObjects"]
position = Vector2( 182.974, 3571.39 )
texture = ExtResource( 15 )

[node name="coral7" type="Sprite" parent="decorationObjects"]
position = Vector2( 191.617, 3659.76 )
texture = ExtResource( 13 )

[node name="coral3" type="Sprite" parent="decorationObjects/coral7"]
position = Vector2( 82.0107, 218.661 )
scale = Vector2( 0.750452, 0.773228 )
texture = ExtResource( 17 )

[node name="coral9" type="Sprite" parent="decorationObjects/coral7/coral3"]
position = Vector2( -361.709, -159.104 )
texture = ExtResource( 18 )

[node name="coral2" type="Sprite" parent="decorationObjects/coral7/coral3"]
position = Vector2( -227.956, -137.254 )
scale = Vector2( 1.08641, 1.0852 )
texture = ExtResource( 16 )

[node name="coral9" type="Sprite" parent="decorationObjects/coral7"]
position = Vector2( 3.69501, 262.147 )
texture = ExtResource( 18 )

[node name="coral6" type="Sprite" parent="decorationObjects"]
position = Vector2( 1234.61, 2633.2 )
texture = ExtResource( 14 )
flip_h = true

[node name="coral3" type="Sprite" parent="decorationObjects/coral6"]
position = Vector2( -31.62, 50.0259 )
scale = Vector2( 0.872226, 0.894474 )
texture = ExtResource( 17 )

[node name="barnacles4" type="Sprite" parent="decorationObjects"]
position = Vector2( 769, 2669 )
texture = ExtResource( 23 )
flip_h = true

[node name="barnacles" type="Sprite" parent="decorationObjects/barnacles4"]
position = Vector2( 35, -25 )
texture = ExtResource( 22 )
flip_h = true

[node name="barnacles2" type="Sprite" parent="."]
position = Vector2( 63.0527, 3259.91 )
scale = Vector2( 0.957849, 0.888199 )
texture = ExtResource( 20 )

[node name="barnacles3" type="Sprite" parent="."]
position = Vector2( 262.85, 4056.18 )
texture = ExtResource( 20 )

[node name="coral6" type="Sprite" parent="barnacles3"]
position = Vector2( 934.431, -225.999 )
texture = ExtResource( 14 )
flip_h = true

[node name="coral5" type="Sprite" parent="barnacles3/coral6"]
position = Vector2( -11.7155, 80.6953 )
texture = ExtResource( 26 )
flip_h = true

[node name="barnacles4" type="Sprite" parent="barnacles3/coral6/coral5"]
position = Vector2( -30.7014, 157.515 )
texture = ExtResource( 23 )
flip_h = true

[node name="coral1" type="Sprite" parent="."]
position = Vector2( 899, 2856.5 )
scale = Vector2( 0.781659, 0.745342 )
texture = ExtResource( 19 )
flip_h = true

[node name="coral10" type="Sprite" parent="coral1"]
position = Vector2( -175.908, -141.546 )
scale = Vector2( 1.2254, 1.19167 )
texture = ExtResource( 21 )

[node name="coral8" type="Sprite" parent="coral1"]
position = Vector2( -444.972, 2818.32 )
scale = Vector2( 1.27933, 1.34167 )
texture = ExtResource( 25 )

[node name="barnacles" type="Sprite" parent="coral1/coral8"]
position = Vector2( -142.805, -228.058 )
texture = ExtResource( 22 )
flip_h = true

[node name="barnacles3" type="Sprite" parent="coral1/coral8/barnacles"]
position = Vector2( -274.757, -96.7036 )
texture = ExtResource( 24 )

[node name="barnacles" type="Sprite" parent="coral1/coral8/barnacles"]
position = Vector2( -291.238, 219.439 )
texture = ExtResource( 22 )

[node name="coral10" type="Sprite" parent="coral1/coral8/barnacles/barnacles"]
position = Vector2( 2.99661, 92.8955 )
texture = ExtResource( 21 )
flip_h = true

[node name="coral7" type="Sprite" parent="coral1/coral8/barnacles/barnacles/coral10"]
position = Vector2( 140.446, -904.709 )
texture = ExtResource( 13 )

[node name="coral8" type="Sprite" parent="coral1/coral8/barnacles/barnacles/coral10"]
position = Vector2( 94.9612, -826.242 )
texture = ExtResource( 13 )

[node name="coral2" type="Sprite" parent="coral1/coral8/barnacles/barnacles/coral10/coral8"]
position = Vector2( -42.1464, -10.6323 )
texture = ExtResource( 16 )

[node name="coral9" type="Sprite" parent="."]
position = Vector2( 1121.51, 3581.76 )
texture = ExtResource( 18 )
flip_h = true

[node name="coral5" type="Sprite" parent="coral9"]
position = Vector2( -637.711, 1426.94 )
texture = ExtResource( 26 )

[node name="coral10" type="Sprite" parent="."]
position = Vector2( 490.372, 4749.22 )
texture = ExtResource( 21 )

[node name="AnimatedSprite2" type="AnimatedSprite" parent="."]
position = Vector2( 627.923, 5326.93 )
frames = SubResource( 6 )
frame = 1
playing = true

[node name="AnimatedSprite2" type="AnimatedSprite" parent="AnimatedSprite2"]
position = Vector2( 33.501, 32.8135 )
frames = SubResource( 7 )
playing = true

[node name="AnimatedSprite3" type="AnimatedSprite" parent="AnimatedSprite2"]
position = Vector2( 63.705, 46.0278 )
frames = SubResource( 7 )
frame = 2
playing = true

[node name="AnimatedSprite4" type="AnimatedSprite" parent="AnimatedSprite2"]
position = Vector2( 95.7966, 46.0278 )
frames = SubResource( 7 )
playing = true

[node name="coral11" type="Sprite" parent="."]
position = Vector2( 756.992, 5450.86 )
texture = ExtResource( 18 )

[node name="coral3" type="Sprite" parent="."]
position = Vector2( 1130, 4263.8 )
texture = ExtResource( 17 )

[node name="coral4" type="Sprite" parent="."]
position = Vector2( 1189.05, 4363.56 )
texture = ExtResource( 15 )
flip_h = true

[node name="coral10" type="Sprite" parent="coral4"]
position = Vector2( -45.4131, 91.9365 )
texture = ExtResource( 21 )

[node name="coral5" type="Sprite" parent="."]
position = Vector2( 828.346, 5508.88 )
texture = ExtResource( 26 )

[node name="barnacles4" type="Sprite" parent="."]
position = Vector2( 1148.68, 4775.52 )
texture = ExtResource( 20 )
flip_h = true

[node name="barnacles" type="Sprite" parent="barnacles4"]
position = Vector2( 88.1943, 7.55957 )
texture = ExtResource( 22 )
flip_h = true

[node name="barnacles4" type="Sprite" parent="barnacles4/barnacles"]
position = Vector2( -47.8774, 59.2158 )
rotation = -1.14319
texture = ExtResource( 23 )

[node name="barnacles" type="Sprite" parent="."]
position = Vector2( 1134.91, 5289.14 )
texture = ExtResource( 22 )
flip_h = true

[node name="coral12" type="Sprite" parent="."]
position = Vector2( 1146.56, 5359.04 )
texture = ExtResource( 21 )
flip_h = true
