[gd_scene load_steps=58 format=2]

[ext_resource path="res://dive/bottom.tscn" type="PackedScene" id=1]
[ext_resource path="res://dive/collectable_items.tscn" type="PackedScene" id=2]
[ext_resource path="res://dive/border.tscn" type="PackedScene" id=3]
[ext_resource path="res://dive/background.tscn" type="PackedScene" id=4]
[ext_resource path="res://submarine.tscn" type="PackedScene" id=5]
[ext_resource path="res://dive/hud.tscn" type="PackedScene" id=6]
[ext_resource path="res://assets/squid.png" type="Texture" id=7]
[ext_resource path="res://dive/seaDevil.tscn" type="PackedScene" id=8]
[ext_resource path="res://assets/light_bg.png" type="Texture" id=9]
[ext_resource path="res://dive/start-diving.wav" type="AudioStream" id=10]
[ext_resource path="res://dive/deeba-cea.ogg" type="AudioStream" id=11]
[ext_resource path="res://dive/fish.tscn" type="PackedScene" id=12]
[ext_resource path="res://assets/orca.png" type="Texture" id=13]
[ext_resource path="res://assets/Tintenfisch.png" type="Texture" id=14]
[ext_resource path="res://dive/FishGroup.tscn" type="PackedScene" id=15]
[ext_resource path="res://assets/shark.png" type="Texture" id=16]
[ext_resource path="res://dive/Shark.gd" type="Script" id=17]
[ext_resource path="res://assets/sunfish.png" type="Texture" id=18]
[ext_resource path="res://dive/PathFollow2D.gd" type="Script" id=19]
[ext_resource path="res://assets/japanese_spider_crab.png" type="Texture" id=20]
[ext_resource path="res://assets/coelacanth.png" type="Texture" id=21]
[ext_resource path="res://assets/seal.png" type="Texture" id=22]
[ext_resource path="res://dive/seal.gd" type="Script" id=23]
[ext_resource path="res://assets/blub.png" type="Texture" id=24]
[ext_resource path="res://items/recipe.tscn" type="PackedScene" id=25]
[ext_resource path="res://assets/Schildi.png" type="Texture" id=26]
[ext_resource path="res://dive/bubble-1.wav" type="AudioStream" id=27]
[ext_resource path="res://dive/bubble-2.wav" type="AudioStream" id=28]
[ext_resource path="res://dive/bubble-3.wav" type="AudioStream" id=29]
[ext_resource path="res://dive/bubble_sound.gd" type="Script" id=30]

[sub_resource type="Curve2D" id=27]
_data = {
"points": PoolVector2Array( 0, 0, 0, 0, 640, -88, 0, 0, 0, 0, 528, -80, 0, 0, 0, 0, 400, -120, 0, 0, 0, 0, 200, -208, 0, 0, 0, 0, 0, -232, 0, 0, 0, 0, -152, -208, 0, 0, 0, 0, -248, -160, 0, 0, 0, 0, -296, -80, 0, 0, 0, 0, -272, -16, 0, 0, 0, 0, -232, 24, 0, 0, 0, 0, -72, 64, 0, 0, 0, 0, 200, 48, 0, 0, 0, 0, 360, 40, 0, 0, 0, 0, 456, 48, 0, 0, 0, 0, 576, 48, 0, 0, 0, 0, 696, 8, 0, 0, 0, 0, 680, -24, 0, 0, 0, 0, 640, -88 )
}

[sub_resource type="CanvasItemMaterial" id=1]

[sub_resource type="Curve2D" id=2]
_data = {
"points": PoolVector2Array( -50.9692, 84.9487, 50.9692, -84.9487, 312, 2400, -43.4182, 7.55099, 43.4182, -7.55099, 504, 2312, -30.204, 22.653, 30.204, -22.653, 616, 2256, -43.4182, -16.9897, 43.4182, 16.9897, 728, 2248, -15.102, -39.6427, 15.102, 39.6427, 864, 2368, 1.88775, -41.5305, -1.88775, 41.5305, 888, 2464, 0, 0, 0, 0, 856, 2616, 0, 0, 0, 0, 768, 2920, 0, -50.9692, 0, 50.9692, 720, 3120, 0, 0, 0, 0, 776, 3368, 0, 0, 0, 0, 808, 3560, 0, 0, 0, 0, 752, 3744, 0, 0, 0, 0, 504, 3704, 0, 0, 0, 0, 376, 3424, 0, 0, 0, 0, 312, 3232, 0, 0, 0, 0, 304, 3016, 0, 0, 0, 0, 328, 2824, 0, 0, 0, 0, 280, 2528, 0, 0, 0, 0, 312, 2400 )
}

[sub_resource type="AtlasTexture" id=3]
flags = 4
atlas = ExtResource( 7 )
region = Rect2( 0, 0, 400, 400 )

[sub_resource type="AtlasTexture" id=4]
flags = 4
atlas = ExtResource( 7 )
region = Rect2( 400, 0, 400, 400 )

[sub_resource type="AtlasTexture" id=5]
flags = 4
atlas = ExtResource( 7 )
region = Rect2( 800, 0, 400, 400 )

[sub_resource type="SpriteFrames" id=6]
animations = [ {
"frames": [ SubResource( 3 ), SubResource( 4 ), SubResource( 5 ) ],
"loop": true,
"name": "default",
"speed": 8.0
} ]

[sub_resource type="Curve2D" id=7]
_data = {
"points": PoolVector2Array( 0, 0, 0, 0, 896, -16, 0, 0, 0, 0, 1072, -288, -15.102, 75.5099, 15.102, -75.5099, 1152, -592, -11.3265, 79.2854, 11.3265, -79.2854, 1200, -944, -64.1835, 79.2854, 64.1835, -79.2854, 1376, -1552, 0, 0, 0, 0, 1536, -1696, 0, 0, 0, 0, 1744, -1744, 11.3265, 11.3265, -11.3265, -11.3265, 1968, -1744, 0, 0, 0, 0, 2256, -1648, -37.755, -60.408, 37.755, 60.408, 2384, -1504, 0, 0, 0, 0, 2464, -1216, 0, 0, 0, 0, 2544, -480, 0, 0, 0, 0, 2528, -64, -11.3265, 49.0815, 11.3265, -49.0815, 2480, 384, -37.755, 98.1629, 37.755, -98.1629, 2416, 672, 0, 0, 0, 0, 2160, 1248, -52.857, 67.959, 52.857, -67.959, 1888, 1648, 0, 0, 0, 0, 1568, 1968, 162.346, -49.0815, -162.346, 49.0815, 1136, 2256, 128.367, 49.0815, -128.367, -49.0815, 688, 2240, 0, 0, 0, 0, 496, 1072, 0, 0, 0, 0, 896, -16 )
}

[sub_resource type="AtlasTexture" id=8]
flags = 4
atlas = ExtResource( 13 )
region = Rect2( 0, 0, 800, 500 )

[sub_resource type="AtlasTexture" id=9]
flags = 4
atlas = ExtResource( 13 )
region = Rect2( 800, 0, 800, 500 )

[sub_resource type="AtlasTexture" id=10]
flags = 4
atlas = ExtResource( 13 )
region = Rect2( 1600, 0, 800, 500 )

[sub_resource type="AtlasTexture" id=11]
flags = 4
atlas = ExtResource( 13 )
region = Rect2( 2400, 0, 800, 500 )

[sub_resource type="SpriteFrames" id=12]
animations = [ {
"frames": [ SubResource( 8 ), SubResource( 9 ), SubResource( 10 ), SubResource( 11 ) ],
"loop": true,
"name": "default",
"speed": 7.0
} ]

[sub_resource type="Curve2D" id=13]
_data = {
"points": PoolVector2Array( 0, 0, 0, 0, 1312, 5984, 0, 0, 0, 0, 832, 5992, 0, 0, 0, 0, 704, 6008, 0, 0, 0, 0, 584, 5992, 0, 0, 0, 0, 456, 5992, 0, 0, 0, 0, 240, 5960, 0, 0, 0, 0, 152, 5960, 0, 0, 0, 0, 48, 5976, 0, 0, 0, 0, -32, 6000, 0, 0, 0, 0, -80, 6024, 0, 0, 0, 0, -112, 6064, 0, 0, 0, 0, -88, 6160, 0, 0, 0, 0, 56, 6232, 0, 0, 0, 0, 224, 6240, 0, 0, 0, 0, 400, 6232, 0, 0, 0, 0, 552, 6208, 0, 0, 0, 0, 752, 6160, 0, 0, 0, 0, 952, 6160, 0, 0, 0, 0, 1088, 6160, 0, 0, 0, 0, 1216, 6208, 0, 0, 0, 0, 1320, 6200, 0, 0, 0, 0, 1376, 6184, 0, 0, 0, 0, 1392, 6112, 0, 0, 0, 0, 1384, 6032, 0, 0, 0, 0, 1312, 5992, 0, 0, 0, 0, 1312, 5976, 0, 0, 0, 0, 1312, 5984, 0, 0, 0, 0, 1312, 5984 )
}

[sub_resource type="AtlasTexture" id=14]
flags = 4
atlas = ExtResource( 16 )
region = Rect2( 0, 0, 800, 500 )

[sub_resource type="AtlasTexture" id=15]
flags = 4
atlas = ExtResource( 16 )
region = Rect2( 800, 0, 800, 500 )

[sub_resource type="AtlasTexture" id=16]
flags = 4
atlas = ExtResource( 16 )
region = Rect2( 1600, 0, 800, 500 )

[sub_resource type="AtlasTexture" id=17]
flags = 4
atlas = ExtResource( 16 )
region = Rect2( 2400, 0, 800, 500 )

[sub_resource type="SpriteFrames" id=18]
animations = [ {
"frames": [ SubResource( 14 ), SubResource( 15 ), SubResource( 16 ), SubResource( 17 ) ],
"loop": true,
"name": "default",
"speed": 6.0
} ]

[sub_resource type="Curve2D" id=19]
_data = {
"points": PoolVector2Array( 0, 0, 0, 0, 1336, 6840, 0, 0, 0, 0, 864, 6888, 0, 0, 0, 0, 488, 6888, 0, 0, 0, 0, 248, 6888, 0, 0, 0, 0, 32, 6880, 0, 0, 0, 0, -64, 6880, 0, 0, 0, 0, -104, 6936, 0, 0, 0, 0, -64, 6960, 0, 0, 0, 0, 104, 6984, 0, 0, 0, 0, 752, 6984, 0, 0, 0, 0, 1064, 7000, 0, 0, 0, 0, 1312, 7008, 0, 0, 0, 0, 1368, 6984, 0, 0, 0, 0, 1408, 6904, 0, 0, 0, 0, 1360, 6864, 0, 0, 0, 0, 1336, 6840 )
}

[sub_resource type="Curve2D" id=20]
_data = {
"points": PoolVector2Array( 0, 0, 0, 0, 1440, 4640, 0, 0, 0, 0, 1184, 4736, 0, 0, 0, 0, 1088, 4824, 0, 0, 0, 0, 920, 5008, 0, 0, 0, 0, 784, 5184, 0, 0, 0, 0, 640, 5272, 0, 0, 0, 0, 480, 5328, 0, 0, 0, 0, 392, 5336, 0, 0, 0, 0, 208, 5320, 0, 0, 0, 0, 120, 5208, 0, 0, 0, 0, 104, 5072, 0, 0, 0, 0, 192, 4976, 0, 0, 0, 0, 336, 4904, 0, 0, 0, 0, 328, 4792, 0, 0, 0, 0, 264, 4736, 0, 0, 0, 0, 176, 4720, 0, 0, 0, 0, 48, 4728, 0, 0, 0, 0, -80, 4712, 0, 0, 0, 0, -128, 4640, 0, 0, 0, 0, -136, 4504, 0, 0, 0, 0, -32, 4416, 0, 0, 0, 0, 168, 4376, 0, 0, 0, 0, 360, 4368, 0, 0, 0, 0, 640, 4392, 0, 0, 0, 0, 872, 4416, 0, 0, 0, 0, 1112, 4480, 0, 0, 0, 0, 1224, 4496, 0, 0, 0, 0, 1416, 4536, 0, 0, 0, 0, 1440, 4640 )
}

[sub_resource type="AtlasTexture" id=21]
flags = 4
atlas = ExtResource( 22 )
region = Rect2( 0, 0, 480, 350 )

[sub_resource type="AtlasTexture" id=22]
flags = 4
atlas = ExtResource( 22 )
region = Rect2( 480, 0, 480, 350 )

[sub_resource type="AtlasTexture" id=23]
flags = 4
atlas = ExtResource( 22 )
region = Rect2( 960, 0, 480, 350 )

[sub_resource type="AtlasTexture" id=24]
flags = 4
atlas = ExtResource( 22 )
region = Rect2( 1440, 0, 480, 350 )

[sub_resource type="SpriteFrames" id=25]
animations = [ {
"frames": [ SubResource( 21 ), SubResource( 22 ), SubResource( 23 ), SubResource( 24 ) ],
"loop": true,
"name": "default",
"speed": 10.0
} ]

[sub_resource type="ParticlesMaterial" id=26]
emission_shape = 2
emission_box_extents = Vector3( 600, 1500, 1 )
flag_disable_z = true
gravity = Vector3( 0, -79, 0 )
orbit_velocity = 0.0
orbit_velocity_random = 0.0
scale = 0.2
scale_random = 0.72

[node name="Dive" type="Node2D"]

[node name="Background" parent="." instance=ExtResource( 4 )]

[node name="Submarine" parent="." instance=ExtResource( 5 )]
position = Vector2( 638.112, -166.734 )

[node name="Border" parent="." instance=ExtResource( 3 )]

[node name="CollectableItems" parent="." instance=ExtResource( 2 )]

[node name="SpawnArea" type="ColorRect" parent="CollectableItems"]
margin_left = 278.0
margin_top = 583.0
margin_right = 1032.0
margin_bottom = 3915.0
color = Color( 1, 0.803922, 0.615686, 1 )
__meta__ = {
"_edit_use_anchors_": false
}

[node name="Bottom" parent="." instance=ExtResource( 1 )]
position = Vector2( 84, 10140 )

[node name="HUD" parent="." instance=ExtResource( 6 )]

[node name="Path2D" type="Path2D" parent="."]
position = Vector2( 440, 8264 )
curve = SubResource( 27 )

[node name="PathFollow2D" type="PathFollow2D" parent="Path2D"]
position = Vector2( 640, -88 )
rotation = 3.07029

[node name="SeaDevil" parent="Path2D/PathFollow2D" instance=ExtResource( 8 )]
position = Vector2( 644.643, -42.1787 )
rotation = -3.07029

[node name="Light" type="Node2D" parent="Path2D/PathFollow2D/SeaDevil"]
position = Vector2( 220, -3852 )
scale = Vector2( 5.2, 11.27 )

[node name="Light2D" type="Light2D" parent="Path2D/PathFollow2D/SeaDevil/Light"]
position = Vector2( 0.769226, 0.354919 )
texture = ExtResource( 9 )

[node name="Darkness" type="Node2D" parent="."]

[node name="CanvasModulate" type="CanvasModulate" parent="Darkness"]
modulate = Color( 0, 0, 0, 1 )
material = SubResource( 1 )
color = Color( 0.12549, 0.0862745, 0.0862745, 1 )

[node name="StartDiving" type="AudioStreamPlayer" parent="."]
stream = ExtResource( 10 )
volume_db = -10.0
autoplay = true

[node name="Music" type="AudioStreamPlayer" parent="."]
pause_mode = 2
stream = ExtResource( 11 )
volume_db = -10.0
autoplay = true

[node name="Fish" parent="." instance=ExtResource( 12 )]
position = Vector2( 1512, 408 )
scale = Vector2( 1.2, 1.2 )

[node name="Squid" type="Path2D" parent="."]
curve = SubResource( 2 )

[node name="PathFollow2D" type="PathFollow2D" parent="Squid"]
position = Vector2( 305.674, 3061.21 )
rotation = -1.60781
offset = 2999.05
script = ExtResource( 23 )
runSpeed = 170

[node name="AnimatedSprite" type="AnimatedSprite" parent="Squid/PathFollow2D"]
position = Vector2( -6.67261, 4.4126 )
scale = Vector2( 0.4, 0.4 )
frames = SubResource( 6 )
frame = 1
playing = true
flip_h = true

[node name="Orca" type="Path2D" parent="."]
position = Vector2( -384, 1616 )
scale = Vector2( 0.5, 0.5 )
curve = SubResource( 7 )

[node name="PathFollow2D" type="PathFollow2D" parent="Orca"]
position = Vector2( 861.384, 78.156 )
rotation = -1.21847
offset = 9834.17
script = ExtResource( 23 )
runSpeed = 1000

[node name="Orca" type="AnimatedSprite" parent="Orca/PathFollow2D"]
position = Vector2( -15.4731, -4.07202 )
rotation = 0.257329
frames = SubResource( 12 )
frame = 3
playing = true
flip_h = true

[node name="FishGroup" parent="." instance=ExtResource( 15 )]
position = Vector2( 1352, 3248 )

[node name="Shark" type="Path2D" parent="."]
curve = SubResource( 13 )

[node name="Shark" type="PathFollow2D" parent="Shark"]
position = Vector2( 1312, 5984 )
rotation = 0.0785398
rotate = false
script = ExtResource( 17 )
runSpeed = 140

[node name="AnimatedSprite" type="AnimatedSprite" parent="Shark/Shark"]
scale = Vector2( 0.5, 0.5 )
frames = SubResource( 18 )
frame = 2
playing = true

[node name="japanese_spider_crab" type="Sprite" parent="."]
position = Vector2( 952, 7608 )
rotation = -0.253073
scale = Vector2( 0.5, 0.5 )
texture = ExtResource( 20 )

[node name="japanese_spider_crab2" type="Sprite" parent="."]
position = Vector2( 792, 7888 )
rotation = -0.253073
scale = Vector2( 0.5, 0.5 )
texture = ExtResource( 20 )

[node name="Sunfisch" type="Path2D" parent="."]
curve = SubResource( 19 )

[node name="PathFollow2D" type="PathFollow2D" parent="Sunfisch"]
position = Vector2( 1336, 6840 )
rotate = false
script = ExtResource( 19 )

[node name="Sprite" type="Sprite" parent="Sunfisch/PathFollow2D"]
scale = Vector2( 0.2, 0.2 )
texture = ExtResource( 18 )

[node name="coelacanth" type="Sprite" parent="."]
position = Vector2( 776, 8696 )
scale = Vector2( 0.4, 0.4 )
texture = ExtResource( 21 )

[node name="seal" type="Path2D" parent="."]
curve = SubResource( 20 )

[node name="seal" type="PathFollow2D" parent="seal"]
position = Vector2( 667.47, 5255.21 )
rotation = 2.5931
offset = 1012.02
script = ExtResource( 23 )
runSpeed = 700

[node name="AnimatedSprite" type="AnimatedSprite" parent="seal/seal"]
position = Vector2( 1.89648, -3.59668 )
rotation = -2.90772
scale = Vector2( 0.5, 0.5 )
frames = SubResource( 25 )
frame = 3
playing = true

[node name="Bubble1" type="Particles2D" parent="."]
position = Vector2( 608, 2512 )
amount = 30
preprocess = 219.35
randomness = 0.17
process_material = SubResource( 26 )
texture = ExtResource( 24 )

[node name="Sound" type="AudioStreamPlayer2D" parent="Bubble1"]
stream = ExtResource( 27 )
pitch_scale = 3.0
max_distance = 3000.0

[node name="Bubble2" type="Particles2D" parent="."]
position = Vector2( 720, 5464 )
amount = 30
preprocess = 219.35
randomness = 0.17
process_material = SubResource( 26 )
texture = ExtResource( 24 )

[node name="Sound" type="AudioStreamPlayer2D" parent="Bubble2"]
stream = ExtResource( 28 )
pitch_scale = 3.0
max_distance = 3000.0

[node name="Bubble3" type="Particles2D" parent="."]
position = Vector2( 688, 9240 )
amount = 40
lifetime = 10.0
preprocess = 45.16
randomness = 0.17
process_material = SubResource( 26 )
texture = ExtResource( 24 )

[node name="Sound" type="AudioStreamPlayer2D" parent="Bubble3"]
stream = ExtResource( 29 )
pitch_scale = 3.0
max_distance = 3000.0

[node name="Recipe_oxygen_tanks" parent="." instance=ExtResource( 25 )]
position = Vector2( 1057.13, 3127.3 )

[node name="Recipe_comms" parent="." instance=ExtResource( 25 )]
position = Vector2( 831.548, 7819.33 )
upgrade_type = 1

[node name="Recipe_science" parent="." instance=ExtResource( 25 )]
position = Vector2( 111.287, 7056.57 )
upgrade_type = 2

[node name="Recipe_drive" parent="." instance=ExtResource( 25 )]
position = Vector2( 459.254, 4682.32 )
upgrade_type = 3

[node name="Recipe_harpoon" parent="." instance=ExtResource( 25 )]
position = Vector2( 767.198, 6024.32 )
upgrade_type = 4

[node name="Recipe_light" parent="." instance=ExtResource( 25 )]
position = Vector2( 1033.7, 6367.79 )
upgrade_type = 5

[node name="Schildi" type="Sprite" parent="."]
position = Vector2( 888, 4088 )
scale = Vector2( 0.5, 0.5 )
texture = ExtResource( 26 )

[node name="Tintenfisch" type="Sprite" parent="."]
position = Vector2( 520, 4808 )
scale = Vector2( 0.5, 0.5 )
texture = ExtResource( 14 )

[node name="BubbleSoundTimer" type="Timer" parent="."]
wait_time = 4.0
autostart = true
script = ExtResource( 30 )
[connection signal="timeout" from="BubbleSoundTimer" to="BubbleSoundTimer" method="timeout"]
